@article{smart2012battery,
	title={Battery electric vehicle driving and charging behavior observed early in the EV project},
	author={Smart, John and Schey, Stephen},
	journal={SAE International Journal of Alternative Powertrains},
	volume={1},
	number={1},
	pages={27--33},
	year={2012},
	publisher={JSTOR}
}
@article{liang2018battery,
	title={Battery swap pricing and charging strategy for electric taxis in China},
	author={Liang, Yanni and Zhang, Xingping},
	journal={Energy},
	volume={147},
	pages={561--577},
	year={2018},
	publisher={Elsevier}
}
@book{pachauri2014climate,
	title={Climate change 2014: synthesis report. Contribution of Working Groups I, II and III to the fifth assessment report of the Intergovernmental Panel on Climate Change},
	author={Pachauri, Rajendra K and Allen, Myles R and Barros, Vicente R and Broome, John and Cramer, Wolfgang and Christ, Renate and Church, John A and Clarke, Leon and Dahe, Qin and Dasgupta, Purnamita and others},
	year={2014},
	publisher={Ipcc}
}

@article{rahmani2015smartpark,
	title={SmartPark placement and operation for improving system reliability and market participation},
	author={Rahmani-Andebili, Mehdi and Venayagamoorthy, Ganesh K},
	journal={Electric Power Systems Research},
	volume={123},
	pages={21--30},
	year={2015},
	publisher={Elsevier}
}
@inproceedings{jia2012optimal,
	title={Optimal siting and sizing of electric vehicle charging stations},
	author={Jia, Long and Hu, Zechun and Song, Yonghua and Luo, Zhuowei},
	booktitle={2012 IEEE International Electric Vehicle Conference},
	pages={1--6},
	year={2012},
	organization={IEEE}
}

@article{liu2012optimal,
	title={Optimal planning of electric-vehicle charging stations in distribution systems},
	author={Liu, Zhipeng and Wen, Fushuan and Ledwich, Gerard},
	journal={IEEE transactions on power delivery},
	volume={28},
	number={1},
	pages={102--110},
	year={2012},
	publisher={IEEE}
}

@article{sadeghi2014optimal,
	title={Optimal fast charging station placing and sizing},
	author={Sadeghi-Barzani, Payam and Rajabi-Ghahnavieh, Abbas and Kazemi-Karegar, Hosein},
	journal={Applied Energy},
	volume={125},
	pages={289--299},
	year={2014},
	publisher={Elsevier}
}
@book{bhat2015introduction,
	title={An introduction to queueing theory: modeling and analysis in applications},
	author={Bhat, U Narayan},
	year={2015},
	publisher={Birkh{\"a}user}
}
@book{ross2014introduction,
	title={Introduction to probability models},
	author={Ross, Sheldon M},
	year={2014},
	publisher={Academic press}
}

@article{hu2019modeling,
	title={Modeling charging behavior of battery electric vehicle drivers: A cumulative prospect theory based approach},
	author={Hu, Liang and Dong, Jing and Lin, Zhenhong},
	journal={Transportation Research Part C: Emerging Technologies},
	volume={102},
	pages={474--489},
	year={2019},
	publisher={Elsevier}
}
@article{franke2013understanding,
	title={Understanding charging behaviour of electric vehicle users},
	author={Franke, Thomas and Krems, Josef F},
	journal={Transportation Research Part F: Traffic Psychology and Behaviour},
	volume={21},
	pages={75--89},
	year={2013},
	publisher={Elsevier}
}

@article{yang2014dynamic,
	title={Dynamic operation model of the battery swapping station for EV (electric vehicle) in electricity market},
	author={Yang, Shengjie and Yao, Jiangang and Kang, Tong and Zhu, Xiangqian},
	journal={Energy},
	volume={65},
	pages={544--549},
	year={2014},
	publisher={Elsevier}
}

@article{yuan2015competitive,
	title={Competitive charging station pricing for plug-in electric vehicles},
	author={Yuan, Wei and Huang, Jianwei and Zhang, Ying Jun Angela},
	journal={IEEE Transactions on Smart Grid},
	volume={8},
	number={2},
	pages={627--639},
	year={2015},
	publisher={IEEE}
}
@article{eberle2010sustainable,
	title={Sustainable transportation based on electric vehicle concepts: a brief overview},
	author={Eberle, Ulrich and Von Helmolt, Rittmar},
	journal={Energy \& Environmental Science},
	volume={3},
	number={6},
	pages={689--699},
	year={2010},
	publisher={Royal Society of Chemistry}
}
@article{wiederer2010policy,
	title={Policy options for electric vehicle charging infrastructure in C40 cities},
	author={Wiederer, Alfred and Philip, Ronald},
	year={2010}
}
@article{rauh2015understanding,
	title={Understanding the impact of electric vehicle driving experience on range anxiety},
	author={Rauh, Nadine and Franke, Thomas and Krems, Josef F},
	journal={Human factors},
	volume={57},
	number={1},
	pages={177--187},
	year={2015},
	publisher={SAGE Publications Sage CA: Los Angeles, CA}
}
@article{peterson2010lithium,
	title={Lithium-ion battery cell degradation resulting from realistic vehicle and vehicle-to-grid utilization},
	author={Peterson, Scott B and Apt, Jay and Whitacre, JF},
	journal={Journal of Power Sources},
	volume={195},
	number={8},
	pages={2385--2392},
	year={2010},
	publisher={Elsevier}
}
@article{zhang2018monte,
	title={A Monte Carlo Simulation Approach to Evaluate Service Capacities of EV Charging and Battery Swapping Stations},
	author={Zhang, Tianyang and Chen, Xi and Yu, Zhe and Zhu, Xiaoyan and Shi, Di},
	journal={IEEE Transactions on Industrial Informatics},
	volume={14},
	number={9},
	pages={3914--3923},
	year={2018},
	publisher={IEEE}
}
@article{crommelin1934delay,
	title={Delay probability formulae},
	author={Crommelin, CD},
	journal={Post Office Electrical Engineers Journal},
	volume={26},
	pages={266--274},
	year={1934}
}
@book{ross2014introduction,
	title={Introduction to probability models},
	author={Ross, Sheldon M},
	year={2014},
	publisher={Academic press}
}
@book{tijms1986stochastic,
	title={Stochastic modelling and analysis: a computational approach},
	author={Tijms, Henk C},
	year={1986},
	publisher={John Wiley \& Sons, Inc.}
}
@article{kimura1991refining,
	title={Refining Cosmetatos' approximation for the mean waiting time in the M/D/s queue},
	author={Kimura, Toshikazu},
	journal={Journal of the Operational Research Society},
	volume={42},
	number={7},
	pages={595--603},
	year={1991},
	publisher={Springer}
}
@inproceedings{tan2014queueing,
	title={Queueing network models for electric vehicle charging station with battery swapping},
	author={Tan, Xiaoqi and Sun, Bo and Tsang, Danny HK},
	booktitle={2014 IEEE International Conference on Smart Grid Communications (SmartGridComm)},
	pages={1--6},
	year={2014},
	organization={IEEE}
}
@article{noel2016did,
	title={Why Did Better Place Fail?: Range anxiety, interpretive flexibility, and electric vehicle promotion in Denmark and Israel},
	author={Noel, Lance and Sovacool, Benjamin K},
	journal={Energy Policy},
	volume={94},
	pages={377--386},
	year={2016},
	publisher={Elsevier}
}

@article{flamm2012constraints,
	title={Constraints to green vehicle ownership: A focus group study},
	author={Flamm, Bradley J and Agrawal, Asha Weinstein},
	journal={Transportation Research Part D: Transport and Environment},
	volume={17},
	number={2},
	pages={108--115},
	year={2012},
	publisher={Elsevier}
}

@article{pearre2011electric,
	title={Electric vehicles: How much range is required for a day’s driving?},
	author={Pearre, Nathaniel S and Kempton, Willett and Guensler, Randall L and Elango, Vetri V},
	journal={Transportation Research Part C: Emerging Technologies},
	volume={19},
	number={6},
	pages={1171--1184},
	year={2011},
	publisher={Elsevier}
}

@article{chaudhari2018agent,
	title={Agent-Based Aggregated Behavior Modeling for Electric Vehicle Charging Load},
	author={Chaudhari, Kalpesh and Kandasamy, Nandha Kumar and Krishnan, Ashok and Ukil, Abhisek and Gooi, Hoay Beng},
	journal={IEEE Transactions on Industrial Informatics},
	volume={15},
	number={2},
	pages={856--868},
	year={2018},
	publisher={IEEE}
}

@article{zhao2013pricing,
	title={Pricing and revenue maximization for battery charging services in PHEV markets},
	author={Zhao, Binyan and Shi, Yi and Dong, Xiaodai},
	journal={IEEE Transactions on Vehicular Technology},
	volume={63},
	number={4},
	pages={1987--1993},
	year={2013},
	publisher={IEEE}
}
@article{brost2018integrated,
	title={Integrated Model Approach STELLA Method of Site Identification for Charging Infrastructure},
	author={Brost, Waldemar and Funke, Teresa and Philipsen, Ralf and Brell, Teresa and Ziefle, Martina},
	journal={IFAC-PapersOnLine},
	volume={51},
	number={9},
	pages={206--211},
	year={2018},
	publisher={Elsevier}
}


@book{aeo2019,
	author        = "{U.S. Energy Information Administration (EIA)}",
	title         = "Annual Energy Outlook 2019: With Projections to 2050",
	publisher     = "{}",
	address       = "Washington, DC",
	year          = "2019",
	url           = "https://www.eia.gov/outlooks/aeo/pdf/aeo2019.pdf"
}
@article{pimm2018time,
	title={Time-of-use and time-of-export tariffs for home batteries: Effects on low voltage distribution networks},
	author={Pimm, Andrew J and Cockerill, Tim T and Taylor, Peter G},
	journal={Journal of Energy Storage},
	volume={18},
	pages={447--458},
	year={2018},
	publisher={Elsevier}
}

@misc{plug,
	title = {PlugShare, Electric Vehicle Charging Network},
	howpublished = {\url{https://www.plugshare.com}},
	year={2019},
	note = {Accessed: 2019-09-30}
}

@misc{EVC,
	title = {Electric Vehicles Cost Less Than Half As Much To Drive },
	howpublished = {\url{https://b2n.ir/421510}},
	year={2018},
	note = {Accessed: 2020-01-23}
}

@misc{7,
	title = {7 million premature deaths annually linked to air pollution },
	howpublished = {\url{https://b2n.ir/926191}},
	year={2012},
	note = {Accessed: 2020-01-23}
}
@misc{8,
	title = {World’s Worst Polluted Places Report 2009}
	howpublished = {\url{https://b2n.ir/793753}},
	year={2009}و
	note = {Accessed: 2020-01-23}
}
@misc{9,
	title = {Reducing Pollution with Electric Vehicles}
	howpublished = {\url{https://b2n.ir/087046}},
	year={2018},
	note = {Accessed: 2020-01-23}
}
@article{jacobson2015100,
	title={100\% clean and renewable wind, water, and sunlight (WWS) all-sector energy roadmaps for the 50 United States},
	author={Jacobson, Mark Z and Delucchi, Mark A and Bazouin, Guillaume and Bauer, Zack AF and Heavey, Christa C and Fisher, Emma and Morris, Sean B and Piekutowski, Diniana JY and Vencill, Taylor A and Yeskoo, Tim W},
	journal={Energy \& Environmental Science},
	volume={8},
	number={7},
	pages={2093--2117},
	year={2015},
	publisher={Royal Society of Chemistry}
}

@book{zhang2011vehicle,
	title={Vehicle power management: modeling, control and optimization},
	author={Zhang, Xi and Mi, Chris},
	year={2011},
	publisher={Springer Science \& Business Media}
}

@misc{GOV,
	title = {Electricity Cost for Charging},
	howpublished = {\url{https://b2n.ir/749045}},
	year={2020},
	note = {Accessed: 2020-01-2}
}
@article{philipsen2018running,
	title={Running on empty--Users’ charging behavior of electric vehicles versus traditional refueling},
	author={Philipsen, Ralf and Brell, Teresa and Brost, Waldemar and Eickels, Teresa and Ziefle, Martina},
	journal={Transportation Research Part F: Traffic Psychology and Behaviour},
	volume={59},
	pages={475--492},
	year={2018},
	publisher={Elsevier}
}

@article{gnann2018fast,
	title={Fast charging infrastructure for electric vehicles: Today’s situation and future needs},
	author={Gnann, Till and Funke, Simon and Jakobsson, Niklas and Pl{\"o}tz, Patrick and Sprei, Frances and Bennehag, Anders},
	journal={Transportation Research Part D: Transport and Environment},
	volume={62},
	pages={314--329},
	year={2018},
	publisher={Elsevier}
}

@book{aeo201,
	title={Annual Energy Outlook 2019: With Projections to 2050},
	author={US Energy Information Administration and others},
	year={2019},
	publisher={Government Printing Office}
	
}
@article{wang2018siting,
	title={Siting and sizing of fast charging stations in highway network with budget constraint},
	author={Wang, Yue and Shi, Jianmai and Wang, Rui and Liu, Zhong and Wang, Ling},
	journal={Applied energy},
	volume={228},
	pages={1255--1271},
	year={2018},
	publisher={Elsevier}
}
@article{pashajavid2013optimal,
	title={Optimal placement and sizing of plug in electric vehicles charging stations within distribution networks with high penetration of photovoltaic panels},
	author={Pashajavid, E and Golkar, MA},
	journal={Journal of Renewable and Sustainable Energy},
	volume={5},
	number={5},
	pages={053126},
	year={2013},
	publisher={AIP}
}
@article{lam2014electric,
	title={Electric vehicle charging station placement: Formulation, complexity, and solutions},
	author={Lam, Albert YS and Leung, Yiu-Wing and Chu, Xiaowen},
	journal={IEEE Transactions on Smart Grid},
	volume={5},
	number={6},
	pages={2846--2856},
	year={2014},
	publisher={IEEE}
}
@article{islam2018optimal,
	title={Optimal location and sizing of fast charging stations for electric vehicles by incorporating traffic and power networks},
	author={Islam, Md Mainul and Shareef, Hussain and Mohamed, Azah},
	journal={IET Intelligent Transport Systems},
	volume={12},
	number={8},
	pages={947--957},
	year={2018},
	publisher={IET}
}





















@ARTICLE{Vahedi87,
  AUTHOR =  {واحدی, مصطفی},
  TITLE =  {درختان پوشای کمینه دورنگی مسطح},
  JOURNAL =  {مجله فارسی نمونه},
  VOLUME =  {1},
  YEAR =  {1387},
  NUMBER =  {2},
  MONTH =  {آبان},
  PAGES =  {22-30},
  LANGUAGE =   {Persian}
}

@CONFERENCE{Amintoosi09regional,
  author =       {M. Amintoosi and M. Fathy and N. Mozayani},
  authorfa =     {م. امین‌طوسی and م. فتحی and م.مزینی},
  title =        {Regional Varying Image Super-Resolution},
  booktitle =    {IEEE International Joint Conference on Computational Sciences and Optimization},
  year =         {2009},
  month =        {April 23-26},
  address =      {Sanya, China},
  volume =       {1},
  pages =        {913-917}
}

@CONFERENCE{Amintoosi09video,
  author =       {M. Amintoosi and M. Fathy },
  authorfa =     {م. امین‌طوسی and م. فتحی },
  title =        {Video Resolution Enhancement in the Presence of Moving Objects},
  booktitle =    {International Conference on Image Processing, Computer Vision, and Pattern Recognition},
  year =         {2009},
  address =      {Las Vegas, USA},
  month =	 {July}
}

@ARTICLE{Amintoosi09precise,
  AUTHOR =       {M. Amintoosi and M. Fathy and N. Mozayani},
  authorfa =     {م. امین‌طوسی and م. فتحی and م.مزینی},
  TITLE =        {Precise Image Registration with Structural Similarity Error Measurement Applied to Super-Resolution},
  JOURNAL =      {{EURASIP} {J}ournal on {A}dvances in {S}ignal {P}rocessing},
 Volume =         {2009},
  YEAR =         {2009},
  pages =        {7 pages},
  note =         {{A}rticle ID 305479},
 url = {http://www.hindawi.com/journals/asp/2009/305479.html}
}

@CONFERENCE{Amintoosi87afzayesh,
  AUTHOR =       {امین‌طوسی,محمود and مزینی,ناصر and  فتحی,محمود},
  TITLE =        {افزایش وضوح ناحیه‌ای},
  BOOKTITLE =    {چهاردهمین کنفرانس ملی سالانه انجمن کامپیوتر ایران},
  YEAR =         {1387},
  ORGANIZATION = {دانشگاه امیرکبیر},
  ADDRESS =      {تهران، ایران},
  month = 	 {اسفند},
  pages =        {101--108},
  LANGUAGE =     {Persian},  
  url = {http://www.civilica.com/Paper-ACCSI14-ACCSI14_107.htm}
}

@article{Baker02limits,
 author = {Baker,, Simon and Kanade,, Takeo},
 title = {Limits on Super-Resolution and How to Break Them},
 journal = {IEEE Trans. Pattern Anal. Mach. Intell.},
 volume = {24},
 number = {9},
 year = {2002},
 issn = {0162-8828},
 pages = {1167--1183},
 publisher = {IEEE Computer Society},
 address = {Washington, DC, USA}
 }

@BOOK{Gonzalez02book,
  AUTHOR =      {Gonzalez,, Rafael C. and Woods,, Richard E.},
  authorfa =    {ر. گنزالس and ر. وودس },
  TITLE =       {Digital Image Processing},
  PUBLISHER =   {Prentice-Hall, Inc.},
  YEAR =        {2006},
  ISBN = 	{013168728X},
  EDITION = 	{3rd},
  ADDRESS =     {Upper Saddle River, NJ, USA},
}
 
@MASTERSTHESIS{Khalighi07MscThesis,
  AUTHOR =       {Vafa Khalighi},
  AUTHORFA =     {خلیقی,وفا},
  TITLE =        {Category Theory},
  SCHOOL =       {Sydny Univ.},
  YEAR =         {2007},
  MONTH =        {April}
}

@MISC{Khalighi87xepersian,
  AUTHOR =      {خلیقی,وفا},
  TITLE =        {زی‌پرشین (\lr{\XePersian}): بسته فارسی برای حروف‌چینی در \lr{\LaTeX2e}},
  HOWPUBLISHED = {\lr{\href{http://www.ctan.org/pkg/xepersian}{http://www.ctan.org/pkg/xepersian}}},
  YEAR =         {۱۳۸۷},
  LANGUAGE =     {Persian}
  }

@PHDTHESIS{Omidali82phdThesis,
  AUTHOR =       {امیدعلی, مهدی},
  TITLE =        {خم‌های تک‌جمله‌ای تعریف شده توسط دنباله‌های تقریباً حسابی},
  SCHOOL =       {دانشکده ریاضی، دانشگاه امیرکبیر},
  YEAR =         {1385},
  MONTH =        {تیر},
  LANGUAGE =     {Persian}
}

@BOOK{Pedram80osool,
  AUTHOR =       {استالینگ, ویلیام},
  EDITOR =       {برنجکوب, محمود},
  translator =   { صدیقی‌ مشکنانی, محسن and پدرام,حسین },
  TITLE =        {اصول طراحی و ویژگیهای داخلی سیستم‌های عامل},
  PUBLISHER =    {نشر شیخ بهایی},
  YEAR =         {۱۳۸۰},
  ADDRESS =      {اصفهان},
  edition =      {سوم},
  MONTH =        {بهار},
  LANGUAGE =     {Persian}
}

@MASTERSTHESIS{Pourmousa88mscThesis,
  AUTHOR =       {پورموسی, امیرمسعود},
  TITLE =        {بررسی رویدادهای ریزهمگرایی گرانشی تکراری در راستای مرکز کهکشان و ابرهای ماژلانی},
  SCHOOL =       {دانشکده فیزیک، دانشگاه صنعتی‌شریف},
  YEAR =         {۱۳۸۸},
  LANGUAGE =     {Persian}
}

@PhdThesis{Borman04thesis,
  author =   {Sean Borman},
  authorfa = {بورمن,سین},
  title =    {Topics in Multiframe Superresolution Restoration},
  school =   {University of Notre Dame},
  year =     {2004},
  address =  {Notre Dame, IN},
  month =    {may},
}

@PROCEEDINGS {conference06,
 editor    = {Farhad Shokoohi},
 authorfa  = {فرهاد شکوهی},
 title     = {Proceedings of the Xth Conference on XYZ},
 booktitle = {Proceedings of the Xth Conference on XYZ},
 year      = {2006},
 month     = {October}
}

@MISC{persianbib87userguide,
  AUTHOR =       {امین‌طوسی, م. and واحدی, م.},
  TITLE =        {راهنمای استفاده از سبک‌های فارسی  برای {\lr{\textsc{Bib}\TeX}} در زی‌پرشین},
  howpublished = {گروه پارسی‌لاتک},
  YEAR =         {۱۳۸۷},
  note = 	 {\url{http://www.parsilatex.com}},
  language =     {Persian}
}

@MISC{UTThesisGuide,
  AUTHOR =       {تحصیلات‌تکمیلی},
  TITLE =        {دستورالعمل نگارش و تدوین پایان‌نامه دانشجویان مقطع کارشناسی ارشد و دکتری},
  HOWPUBLISHED =    {\href{http://egufa.ut.ac.ir/%D8%B1%D9%88%DB%8C%D9%87%E2%80%8C%D9%87%D8%A7-%D9%88-%D9%81%D8%B1%D9%85%E2%80%8C%D9%87%D8%A7/%DA%A9%D8%A7%D8%B1%D8%B4%D9%86%D8%A7%D8%B3%DB%8C-%D8%A7%D8%B1%D8%B4%D8%AF/417-%D8%AF%D8%B3%D8%AA%D9%88%D8%B1%D8%A7%D9%84%D8%B9%D9%85%D9%84-%D9%86%DA%AF%D8%A7%D8%B1%D8%B4-%D9%88-%D8%AA%D8%AF%D9%88%DB%8C%D9%86-%D9%BE%D8%A7%DB%8C%D8%A7%D9%86-%D9%86%D8%A7%D9%85%D9%87-%D8%AF%D8%A7%D9%86%D8%B4%D8%AC%D9%88%DB%8C%D8%A7%D9%86-%D9%85%D9%82%D8%B7%D8%B9-%DA%A9%D8%A7%D8%B1%D8%B4%D9%86%D8%A7%D8%B3%DB%8C-%D8%A7%D8%B1%D8%B4%D8%AF-%D9%88-%D8%AF%DA%A9%D8%AA%D8%B1%DB%8C}{\lr{http://egufa.ut.ac.ir}}},
  YEAR =         {۱۳۹۳},
  MONTH =	 {شهریور},
  note = 	 {معاونت آموزشی و تحصیلات تکمیلی پردیس دانشکده‌های فنی دانشگاه تهران},
  LANGUAGE =     {Persian}
  }

@article{kim2016integrated,
  title={An integrated analysis of the genome-wide profiles of dna methylation and mRNA expression defining the side population of a human malignant mesothelioma cell line},
  author={Kim, Myung-Chul and Kim, Na-Yon and Seo, Yu-Ri and Kim, Yongbaek},
  authorfa={کیم,میونگ-چول and کیم,نا-یون and سئو,یو-ری and کیم,یونگ‌بک},
  journal={Journal of Cancer},
  volume={7},
  number={12},
  pages={1668},
  year={2016},
  publisher={Ivyspring International Publisher}
}
